<record><leader>03024cam a2200421 i 4500</leader><controlfield tag="001">6859037</controlfield><controlfield tag="003">OCoLC</controlfield><controlfield tag="005">20150521095637.0</controlfield><controlfield tag="008">150327t20152015enka     b    001 0 eng  </controlfield><datafield ind1=" " ind2=" " tag="020"><subfield code="a">9781473601734 (paperback)</subfield></datafield><datafield ind1=" " ind2=" " tag="020"><subfield code="a">1473601738 (paperback)</subfield></datafield><datafield ind1=" " ind2=" " tag="020"><subfield code="z">9781473601758 (ebook)</subfield></datafield><datafield ind1=" " ind2=" " tag="035"><subfield code="a">ocn908220070</subfield></datafield><datafield ind1=" " ind2=" " tag="039"><subfield code="a">exclude</subfield></datafield><datafield ind1=" " ind2=" " tag="040"><subfield code="a">AU@</subfield><subfield code="b">eng</subfield><subfield code="c">AU@</subfield><subfield code="e">rda</subfield><subfield code="d">OCLCO</subfield><subfield code="d">AEU</subfield></datafield><datafield ind1=" " ind2="4" tag="050"><subfield code="a">QA10.7</subfield><subfield code="b">.A854 2015</subfield></datafield><datafield ind1="0" ind2="4" tag="082"><subfield code="a">510</subfield><subfield code="2">23</subfield></datafield><datafield ind1=" " ind2=" " tag="090"><subfield code="a">QA10.7 .A854 2015</subfield><subfield code="b">AEGMCT</subfield></datafield><datafield ind1="1" ind2=" " tag="100"><subfield code="a">Askew, Mike,</subfield><subfield code="e">author.</subfield></datafield><datafield ind1="1" ind2="0" tag="245"><subfield code="a">Mathematics :</subfield><subfield code="b">All that matters /</subfield><subfield code="c">Mike Askew.</subfield></datafield><datafield ind1=" " ind2="1" tag="264"><subfield code="a">London :</subfield><subfield code="b">Hodder &amp; Stoughton,</subfield><subfield code="c">2015.</subfield></datafield><datafield ind1=" " ind2="4" tag="264"><subfield code="c">&#169;2015</subfield></datafield><datafield ind1=" " ind2=" " tag="300"><subfield code="a">151 pages :</subfield><subfield code="b">illustrations ;</subfield><subfield code="c">18 cm.</subfield></datafield><datafield ind1=" " ind2=" " tag="336"><subfield code="a">text</subfield><subfield code="b">txt</subfield><subfield code="2">rdacontent</subfield></datafield><datafield ind1=" " ind2=" " tag="336"><subfield code="a">still image</subfield><subfield code="b">sti</subfield><subfield code="2">rdacontent</subfield></datafield><datafield ind1=" " ind2=" " tag="337"><subfield code="a">unmediated</subfield><subfield code="b">n</subfield><subfield code="2">rdamedia</subfield></datafield><datafield ind1=" " ind2=" " tag="338"><subfield code="a">volume</subfield><subfield code="b">nc</subfield><subfield code="2">rdacarrier</subfield></datafield><datafield ind1="1" ind2=" " tag="490"><subfield code="a">All that matters</subfield></datafield><datafield ind1=" " ind2=" " tag="504"><subfield code="a">Includes bibliographical references (pages 147-148) and index.</subfield></datafield><datafield ind1="0" ind2=" " tag="505"><subfield code="a">1. We are all mathematicians -- 2. Counting -- 3. Visualizing -- 4. Generalizing -- 5. Pattern sniffing -- 6. Proving -- 7. Connecting -- 8. Modelling -- 9. Puzzling -- 100 ideas -- Selected bibliography.</subfield></datafield><datafield ind1=" " ind2=" " tag="520"><subfield code="a">Mathematics often gets a bad press. Describing someone as 'calculating' or 'rational' is hardly as flattering as being labelled 'artistic' or 'creative' and mathematicians in movies or novels are often portrayed as social misfits who rarely get the guy or girl. No wonder some folks say 'oh I don't care for mathematics, I was never any good at it' with a wistful sense of pride. Yet professional mathematicians talk of the subject differently. They look for elegant solutions to problems, revel in playing around with mathematical ideas and talk of the creative nature of mathematics. As the Russian mathematician Sophia Kovalevskaya said "It is impossible to be a mathematician without being a poet in soul." So why is there such a gap between the views of everyday folks and professional mathematicians? Part of the problem lies in how most of us were taught mathematics in school. The mathematics served up there is presented as a series of de-contextualised, abstract ideas, wrested from the human struggles and interactions that gave birth to the ideas. Through looking at some of the history of mathematics, psychological studies into how we come to know mathematics and key ideas in mathematics itself, the intent of this book is, if not to make the reader fall in love with mathematics, then at least to come to understand its nature a little better, and perhaps care a little more for it. In short, this book explores the human side of maths.</subfield></datafield><datafield ind1=" " ind2=" " tag="596"><subfield code="a">55</subfield></datafield><datafield ind1=" " ind2="0" tag="650"><subfield code="a">Mathematics.</subfield></datafield><datafield ind1=" " ind2="0" tag="650"><subfield code="a">Mathematics</subfield><subfield code="x">Social aspects.</subfield></datafield><datafield ind1=" " ind2="0" tag="650"><subfield code="a">Mathematics</subfield><subfield code="v">Popular works.</subfield></datafield><datafield ind1=" " ind2="0" tag="830"><subfield code="a">All that matters.</subfield></datafield><datafield ind1=" " ind2=" " tag="949"><subfield code="a">QA10.7 .A854 2015</subfield><subfield code="h">GMAC-OS-B</subfield><subfield code="i">1007769035</subfield><subfield code="p">16.60</subfield><subfield code="k">AVAIL_SOON</subfield></datafield><datafield ind1=" " ind2=" " tag="926"><subfield code="a">QA10.7 .A854 2015</subfield><subfield code="w">LC</subfield><subfield code="c">1</subfield><subfield code="i">1007769035</subfield><subfield code="d">4/20/2016</subfield><subfield code="l">ON_SHELF</subfield><subfield code="m">GR_MAC_ACC</subfield><subfield code="p">$16.60</subfield><subfield code="r">Y</subfield><subfield code="s">Y</subfield><subfield code="t">BOOK</subfield><subfield code="u">5/25/2015</subfield></datafield></record>